0                 01WBC       Sell and Parker Pty Ltd   089886EFT PAYMENT 031024                                        
1359-654456985236 500000003000sachin Tendulkar                Sell & Parker P/L 032-010   820455 SELL AND PARKER00000000
7999-999            000000300000000030000000000000                        000001                                        